%YAML 1.1
%TAG !u! tag:unity3d.com,2011:
--- !u!1 &3373788991980449072
GameObject:
  m_ObjectHideFlags: 0
  m_CorrespondingSourceObject: {fileID: 0}
  m_PrefabInstance: {fileID: 0}
  m_PrefabAsset: {fileID: 0}
  serializedVersion: 6
  m_Component:
  - component: {fileID: 3373788991980449075}
  - component: {fileID: 3373788991980449074}
  - component: {fileID: 1841201701395838999}
  m_Layer: 0
  m_Name: GankyuPlayerPrefab
  m_TagString: Untagged
  m_Icon: {fileID: 0}
  m_NavMeshLayer: 0
  m_StaticEditorFlags: 0
  m_IsActive: 1
--- !u!4 &3373788991980449075
Transform:
  m_ObjectHideFlags: 0
  m_CorrespondingSourceObject: {fileID: 0}
  m_PrefabInstance: {fileID: 0}
  m_PrefabAsset: {fileID: 0}
  m_GameObject: {fileID: 3373788991980449072}
  m_LocalRotation: {x: 0, y: 0, z: 0, w: 1}
  m_LocalPosition: {x: 0, y: 0, z: 0}
  m_LocalScale: {x: 1, y: 1, z: 1}
  m_Children:
  - {fileID: 5600109976116852735}
  - {fileID: 3373788992396879765}
  - {fileID: 4564519598063191930}
  - {fileID: 6974116296316159477}
  m_Father: {fileID: 0}
  m_RootOrder: 0
  m_LocalEulerAnglesHint: {x: 0, y: 0, z: 0}
--- !u!54 &3373788991980449074
Rigidbody:
  m_ObjectHideFlags: 0
  m_CorrespondingSourceObject: {fileID: 0}
  m_PrefabInstance: {fileID: 0}
  m_PrefabAsset: {fileID: 0}
  m_GameObject: {fileID: 3373788991980449072}
  serializedVersion: 2
  m_Mass: 1
  m_Drag: 0
  m_AngularDrag: 0.05
  m_UseGravity: 1
  m_IsKinematic: 0
  m_Interpolate: 0
  m_Constraints: 112
  m_CollisionDetection: 0
--- !u!114 &1841201701395838999
MonoBehaviour:
  m_ObjectHideFlags: 0
  m_CorrespondingSourceObject: {fileID: 0}
  m_PrefabInstance: {fileID: 0}
  m_PrefabAsset: {fileID: 0}
  m_GameObject: {fileID: 3373788991980449072}
  m_Enabled: 1
  m_EditorHideFlags: 0
  m_Script: {fileID: 11500000, guid: 582d43ef8fb775b498a40194b2e1ee65, type: 3}
  m_Name: 
  m_EditorClassIdentifier: 
  config: {fileID: 0}
  role: None
  movementBehaviour: {fileID: 0}
  throwerBehaviour: {fileID: 0}
  builderBehaviour: {fileID: 0}
  dieParticleSystem: {fileID: 4564519598063191931}
  teamIndicator: {fileID: 4667332919368786780}
--- !u!1 &3373788992396879764
GameObject:
  m_ObjectHideFlags: 0
  m_CorrespondingSourceObject: {fileID: 0}
  m_PrefabInstance: {fileID: 0}
  m_PrefabAsset: {fileID: 0}
  serializedVersion: 6
  m_Component:
  - component: {fileID: 3373788992396879765}
  - component: {fileID: 3373788992396879767}
  - component: {fileID: 3373788992396879766}
  m_Layer: 0
  m_Name: ShootArrow
  m_TagString: Untagged
  m_Icon: {fileID: 0}
  m_NavMeshLayer: 0
  m_StaticEditorFlags: 0
  m_IsActive: 1
--- !u!4 &3373788992396879765
Transform:
  m_ObjectHideFlags: 0
  m_CorrespondingSourceObject: {fileID: 0}
  m_PrefabInstance: {fileID: 0}
  m_PrefabAsset: {fileID: 0}
  m_GameObject: {fileID: 3373788992396879764}
  m_LocalRotation: {x: 0.7071068, y: 0, z: 0, w: 0.7071068}
  m_LocalPosition: {x: 0, y: 0.785, z: 1}
  m_LocalScale: {x: 0, y: 0, z: 0}
  m_Children: []
  m_Father: {fileID: 3373788991980449075}
  m_RootOrder: 1
  m_LocalEulerAnglesHint: {x: 90, y: 0, z: 0}
--- !u!212 &3373788992396879767
SpriteRenderer:
  m_ObjectHideFlags: 0
  m_CorrespondingSourceObject: {fileID: 0}
  m_PrefabInstance: {fileID: 0}
  m_PrefabAsset: {fileID: 0}
  m_GameObject: {fileID: 3373788992396879764}
  m_Enabled: 1
  m_CastShadows: 0
  m_ReceiveShadows: 0
  m_DynamicOccludee: 1
  m_MotionVectors: 1
  m_LightProbeUsage: 1
  m_ReflectionProbeUsage: 1
  m_RayTracingMode: 0
  m_RenderingLayerMask: 1
  m_RendererPriority: 0
  m_Materials:
  - {fileID: 10754, guid: 0000000000000000f000000000000000, type: 0}
  m_StaticBatchInfo:
    firstSubMesh: 0
    subMeshCount: 0
  m_StaticBatchRoot: {fileID: 0}
  m_ProbeAnchor: {fileID: 0}
  m_LightProbeVolumeOverride: {fileID: 0}
  m_ScaleInLightmap: 1
  m_ReceiveGI: 1
  m_PreserveUVs: 0
  m_IgnoreNormalsForChartDetection: 0
  m_ImportantGI: 0
  m_StitchLightmapSeams: 1
  m_SelectedEditorRenderState: 0
  m_MinimumChartSize: 4
  m_AutoUVMaxDistance: 0.5
  m_AutoUVMaxAngle: 89
  m_LightmapParameters: {fileID: 0}
  m_SortingLayerID: 0
  m_SortingLayer: 0
  m_SortingOrder: 0
  m_Sprite: {fileID: 21300000, guid: e502684b51e3d614badd857086c7d500, type: 3}
  m_Color: {r: 1, g: 1, b: 1, a: 1}
  m_FlipX: 0
  m_FlipY: 0
  m_DrawMode: 0
  m_Size: {x: 1, y: 1}
  m_AdaptiveModeThreshold: 0.5
  m_SpriteTileMode: 0
  m_WasSpriteAssigned: 1
  m_MaskInteraction: 0
  m_SpriteSortPoint: 0
--- !u!114 &3373788992396879766
MonoBehaviour:
  m_ObjectHideFlags: 0
  m_CorrespondingSourceObject: {fileID: 0}
  m_PrefabInstance: {fileID: 0}
  m_PrefabAsset: {fileID: 0}
  m_GameObject: {fileID: 3373788992396879764}
  m_Enabled: 1
  m_EditorHideFlags: 0
  m_Script: {fileID: 11500000, guid: 1ce779837a49d1049844f81b2f81daec, type: 3}
  m_Name: 
  m_EditorClassIdentifier: 
  offset: 1
  lowColor: {r: 0.54974616, g: 0.9811321, b: 0.34709862, a: 1}
  highColor: {r: 1, g: 0.01978819, b: 0, a: 1}
--- !u!1001 &266255912690283983
PrefabInstance:
  m_ObjectHideFlags: 0
  serializedVersion: 2
  m_Modification:
    m_TransformParent: {fileID: 3373788991980449075}
    m_Modifications:
    - target: {fileID: 707177427152126643, guid: fdc6aaafd37ee5a4bb90203c1f1f69b1,
        type: 3}
      propertyPath: m_Color.r
      value: 1
      objectReference: {fileID: 0}
    - target: {fileID: 707177427152126643, guid: fdc6aaafd37ee5a4bb90203c1f1f69b1,
        type: 3}
      propertyPath: m_Color.g
      value: 1
      objectReference: {fileID: 0}
    - target: {fileID: 707177427152126643, guid: fdc6aaafd37ee5a4bb90203c1f1f69b1,
        type: 3}
      propertyPath: m_Color.b
      value: 1
      objectReference: {fileID: 0}
    - target: {fileID: 1918613601210443608, guid: fdc6aaafd37ee5a4bb90203c1f1f69b1,
        type: 3}
      propertyPath: m_Name
      value: TeamIndicator
      objectReference: {fileID: 0}
    - target: {fileID: 7167733368454410298, guid: fdc6aaafd37ee5a4bb90203c1f1f69b1,
        type: 3}
      propertyPath: m_LocalPosition.x
      value: 0
      objectReference: {fileID: 0}
    - target: {fileID: 7167733368454410298, guid: fdc6aaafd37ee5a4bb90203c1f1f69b1,
        type: 3}
      propertyPath: m_LocalPosition.y
      value: 0
      objectReference: {fileID: 0}
    - target: {fileID: 7167733368454410298, guid: fdc6aaafd37ee5a4bb90203c1f1f69b1,
        type: 3}
      propertyPath: m_LocalPosition.z
      value: 0
      objectReference: {fileID: 0}
    - target: {fileID: 7167733368454410298, guid: fdc6aaafd37ee5a4bb90203c1f1f69b1,
        type: 3}
      propertyPath: m_LocalRotation.x
      value: 0.7071068
      objectReference: {fileID: 0}
    - target: {fileID: 7167733368454410298, guid: fdc6aaafd37ee5a4bb90203c1f1f69b1,
        type: 3}
      propertyPath: m_LocalRotation.y
      value: -0
      objectReference: {fileID: 0}
    - target: {fileID: 7167733368454410298, guid: fdc6aaafd37ee5a4bb90203c1f1f69b1,
        type: 3}
      propertyPath: m_LocalRotation.z
      value: -0
      objectReference: {fileID: 0}
    - target: {fileID: 7167733368454410298, guid: fdc6aaafd37ee5a4bb90203c1f1f69b1,
        type: 3}
      propertyPath: m_LocalRotation.w
      value: 0.7071068
      objectReference: {fileID: 0}
    - target: {fileID: 7167733368454410298, guid: fdc6aaafd37ee5a4bb90203c1f1f69b1,
        type: 3}
      propertyPath: m_RootOrder
      value: 3
      objectReference: {fileID: 0}
    - target: {fileID: 7167733368454410298, guid: fdc6aaafd37ee5a4bb90203c1f1f69b1,
        type: 3}
      propertyPath: m_LocalEulerAnglesHint.x
      value: 90
      objectReference: {fileID: 0}
    - target: {fileID: 7167733368454410298, guid: fdc6aaafd37ee5a4bb90203c1f1f69b1,
        type: 3}
      propertyPath: m_LocalEulerAnglesHint.y
      value: 0
      objectReference: {fileID: 0}
    - target: {fileID: 7167733368454410298, guid: fdc6aaafd37ee5a4bb90203c1f1f69b1,
        type: 3}
      propertyPath: m_LocalEulerAnglesHint.z
      value: 0
      objectReference: {fileID: 0}
    m_RemovedComponents: []
  m_SourcePrefab: {fileID: 100100000, guid: fdc6aaafd37ee5a4bb90203c1f1f69b1, type: 3}
--- !u!4 &6974116296316159477 stripped
Transform:
  m_CorrespondingSourceObject: {fileID: 7167733368454410298, guid: fdc6aaafd37ee5a4bb90203c1f1f69b1,
    type: 3}
  m_PrefabInstance: {fileID: 266255912690283983}
  m_PrefabAsset: {fileID: 0}
--- !u!114 &4667332919368786780 stripped
MonoBehaviour:
  m_CorrespondingSourceObject: {fileID: 4860611981766743699, guid: fdc6aaafd37ee5a4bb90203c1f1f69b1,
    type: 3}
  m_PrefabInstance: {fileID: 266255912690283983}
  m_PrefabAsset: {fileID: 0}
  m_GameObject: {fileID: 0}
  m_Enabled: 1
  m_EditorHideFlags: 0
  m_Script: {fileID: 11500000, guid: 090d2232258031c4693973e04777ce53, type: 3}
  m_Name: 
  m_EditorClassIdentifier: 
--- !u!1001 &3373788992358312574
PrefabInstance:
  m_ObjectHideFlags: 0
  serializedVersion: 2
  m_Modification:
    m_TransformParent: {fileID: 3373788991980449075}
    m_Modifications:
    - target: {fileID: 7162286281176849793, guid: fcd9e8201358ba24f90bface45219777,
        type: 3}
      propertyPath: m_LocalPosition.x
      value: 0
      objectReference: {fileID: 0}
    - target: {fileID: 7162286281176849793, guid: fcd9e8201358ba24f90bface45219777,
        type: 3}
      propertyPath: m_LocalPosition.y
      value: 0
      objectReference: {fileID: 0}
    - target: {fileID: 7162286281176849793, guid: fcd9e8201358ba24f90bface45219777,
        type: 3}
      propertyPath: m_LocalPosition.z
      value: 0
      objectReference: {fileID: 0}
    - target: {fileID: 7162286281176849793, guid: fcd9e8201358ba24f90bface45219777,
        type: 3}
      propertyPath: m_LocalRotation.x
      value: 0
      objectReference: {fileID: 0}
    - target: {fileID: 7162286281176849793, guid: fcd9e8201358ba24f90bface45219777,
        type: 3}
      propertyPath: m_LocalRotation.y
      value: 0
      objectReference: {fileID: 0}
    - target: {fileID: 7162286281176849793, guid: fcd9e8201358ba24f90bface45219777,
        type: 3}
      propertyPath: m_LocalRotation.z
      value: 0
      objectReference: {fileID: 0}
    - target: {fileID: 7162286281176849793, guid: fcd9e8201358ba24f90bface45219777,
        type: 3}
      propertyPath: m_LocalRotation.w
      value: 1
      objectReference: {fileID: 0}
    - target: {fileID: 7162286281176849793, guid: fcd9e8201358ba24f90bface45219777,
        type: 3}
      propertyPath: m_RootOrder
      value: 0
      objectReference: {fileID: 0}
    - target: {fileID: 7162286281176849793, guid: fcd9e8201358ba24f90bface45219777,
        type: 3}
      propertyPath: m_LocalEulerAnglesHint.x
      value: 0
      objectReference: {fileID: 0}
    - target: {fileID: 7162286281176849793, guid: fcd9e8201358ba24f90bface45219777,
        type: 3}
      propertyPath: m_LocalEulerAnglesHint.y
      value: 180
      objectReference: {fileID: 0}
    - target: {fileID: 7162286281176849793, guid: fcd9e8201358ba24f90bface45219777,
        type: 3}
      propertyPath: m_LocalEulerAnglesHint.z
      value: 0
      objectReference: {fileID: 0}
    - target: {fileID: 7162286281176849798, guid: fcd9e8201358ba24f90bface45219777,
        type: 3}
      propertyPath: m_Name
      value: Gankyu
      objectReference: {fileID: 0}
    m_RemovedComponents: []
  m_SourcePrefab: {fileID: 100100000, guid: fcd9e8201358ba24f90bface45219777, type: 3}
--- !u!4 &5600109976116852735 stripped
Transform:
  m_CorrespondingSourceObject: {fileID: 7162286281176849793, guid: fcd9e8201358ba24f90bface45219777,
    type: 3}
  m_PrefabInstance: {fileID: 3373788992358312574}
  m_PrefabAsset: {fileID: 0}
--- !u!1001 &3666309272587170245
PrefabInstance:
  m_ObjectHideFlags: 0
  serializedVersion: 2
  m_Modification:
    m_TransformParent: {fileID: 3373788991980449075}
    m_Modifications:
    - target: {fileID: 988881758052873912, guid: 9e2065958aa9a564b8b82378b5a4f395,
        type: 3}
      propertyPath: m_Name
      value: Die Effect
      objectReference: {fileID: 0}
    - target: {fileID: 988881758052873918, guid: 9e2065958aa9a564b8b82378b5a4f395,
        type: 3}
      propertyPath: InitialModule.startColor.maxColor.r
      value: 0.882353
      objectReference: {fileID: 0}
    - target: {fileID: 988881758052873918, guid: 9e2065958aa9a564b8b82378b5a4f395,
        type: 3}
      propertyPath: InitialModule.startColor.maxColor.g
      value: 0.5411765
      objectReference: {fileID: 0}
    - target: {fileID: 988881758052873918, guid: 9e2065958aa9a564b8b82378b5a4f395,
        type: 3}
      propertyPath: InitialModule.startColor.maxColor.b
      value: 0.5803922
      objectReference: {fileID: 0}
    - target: {fileID: 988881758052873919, guid: 9e2065958aa9a564b8b82378b5a4f395,
        type: 3}
      propertyPath: m_LocalPosition.x
      value: 0
      objectReference: {fileID: 0}
    - target: {fileID: 988881758052873919, guid: 9e2065958aa9a564b8b82378b5a4f395,
        type: 3}
      propertyPath: m_LocalPosition.y
      value: 0
      objectReference: {fileID: 0}
    - target: {fileID: 988881758052873919, guid: 9e2065958aa9a564b8b82378b5a4f395,
        type: 3}
      propertyPath: m_LocalPosition.z
      value: 0
      objectReference: {fileID: 0}
    - target: {fileID: 988881758052873919, guid: 9e2065958aa9a564b8b82378b5a4f395,
        type: 3}
      propertyPath: m_LocalRotation.x
      value: -0.7071068
      objectReference: {fileID: 0}
    - target: {fileID: 988881758052873919, guid: 9e2065958aa9a564b8b82378b5a4f395,
        type: 3}
      propertyPath: m_LocalRotation.y
      value: 0
      objectReference: {fileID: 0}
    - target: {fileID: 988881758052873919, guid: 9e2065958aa9a564b8b82378b5a4f395,
        type: 3}
      propertyPath: m_LocalRotation.z
      value: 0
      objectReference: {fileID: 0}
    - target: {fileID: 988881758052873919, guid: 9e2065958aa9a564b8b82378b5a4f395,
        type: 3}
      propertyPath: m_LocalRotation.w
      value: 0.7071068
      objectReference: {fileID: 0}
    - target: {fileID: 988881758052873919, guid: 9e2065958aa9a564b8b82378b5a4f395,
        type: 3}
      propertyPath: m_RootOrder
      value: 2
      objectReference: {fileID: 0}
    - target: {fileID: 988881758052873919, guid: 9e2065958aa9a564b8b82378b5a4f395,
        type: 3}
      propertyPath: m_LocalEulerAnglesHint.x
      value: -90
      objectReference: {fileID: 0}
    - target: {fileID: 988881758052873919, guid: 9e2065958aa9a564b8b82378b5a4f395,
        type: 3}
      propertyPath: m_LocalEulerAnglesHint.y
      value: 0
      objectReference: {fileID: 0}
    - target: {fileID: 988881758052873919, guid: 9e2065958aa9a564b8b82378b5a4f395,
        type: 3}
      propertyPath: m_LocalEulerAnglesHint.z
      value: 0
      objectReference: {fileID: 0}
    m_RemovedComponents: []
  m_SourcePrefab: {fileID: 100100000, guid: 9e2065958aa9a564b8b82378b5a4f395, type: 3}
--- !u!4 &4564519598063191930 stripped
Transform:
  m_CorrespondingSourceObject: {fileID: 988881758052873919, guid: 9e2065958aa9a564b8b82378b5a4f395,
    type: 3}
  m_PrefabInstance: {fileID: 3666309272587170245}
  m_PrefabAsset: {fileID: 0}
--- !u!198 &4564519598063191931 stripped
ParticleSystem:
  m_CorrespondingSourceObject: {fileID: 988881758052873918, guid: 9e2065958aa9a564b8b82378b5a4f395,
    type: 3}
  m_PrefabInstance: {fileID: 3666309272587170245}
  m_PrefabAsset: {fileID: 0}
